<?xml version="1.0" encoding="UTF-8"?><collection xmlns="http://www.loc.gov/MARC21/slim"><record><leader>00425nam--2200133-i-4500</leader><controlfield tag="001">000004137</controlfield><controlfield tag="002">20161230</controlfield><controlfield tag="005">20170209232153</controlfield><controlfield tag="008">060222s1000------------r-----000-0-eng-d</controlfield><datafield ind1=" " ind2=" " tag="245"><subfield code="a">Culegere de inventii si propuneri de rationalizare introduse in uzinele industriei de automobile si tractoare Traducere din limba rusa</subfield></datafield><datafield ind1=" " ind2=" " tag="260"><subfield code="a">Bucuresti</subfield><subfield code="b">I.D.T</subfield></datafield><datafield ind1=" " ind2=" " tag="300"><subfield code="a">77 p.Cu Ilustr</subfield></datafield><datafield ind1=" " ind2=" " tag="852"><subfield code="a">629.11</subfield></datafield><datafield ind1=" " ind2=" " tag="CAT"><subfield code="a">SYS</subfield><subfield code="c">20170209</subfield><subfield code="h">232153</subfield></datafield></record></collection>